<?xml version="1.0" encoding="UTF-8"?>
<collection xmlns="http://www.loc.gov/MARC21/slim">
  <record xmlns:xsi="http://www.w3.org/2001/XMLSchema-instance" xmlns:diag="http://www.loc.gov/zing/srw/diagnostic/" xmlns:dc="http://purl.org/dc/elements/1.1/" xmlns:oclcterms="http://purl.org/oclc/terms/">
    <leader>00000cam a2200000Mi 4500</leader>
    <controlfield tag="001">754582324</controlfield>
    <controlfield tag="008">110926s2011    ne      o     000 0 eng d</controlfield>
    <datafield ind1=" " ind2=" " tag="020">
      <subfield code="a">9789047428565</subfield>
      <subfield code="q">(electronic bk.)</subfield>
    </datafield>
    <datafield ind1=" " ind2=" " tag="020">
      <subfield code="a">9047428560</subfield>
      <subfield code="q">(electronic bk.)</subfield>
    </datafield>
    <datafield ind1=" " ind2=" " tag="020">
      <subfield code="a">1283280949</subfield>
    </datafield>
    <datafield ind1=" " ind2=" " tag="020">
      <subfield code="a">9781283280945</subfield>
    </datafield>
    <datafield ind1="1" ind2=" " tag="100">
      <subfield code="a">Patrich, J.</subfield>
      <subfield code="q">(Joseph)</subfield>
    </datafield>
    <datafield ind1="1" ind2="0" tag="245">
      <subfield code="a">Studies in the archaeology and history of Caesarea Maritima :</subfield>
      <subfield code="b">Caput Judaeae, Metropolis Palaestinae.</subfield>
    </datafield>
    <datafield ind1=" " ind2=" " tag="260">
      <subfield code="a">Leiden :</subfield>
      <subfield code="b">BRILL,</subfield>
      <subfield code="c">2011.</subfield>
    </datafield>
    <datafield ind1=" " ind2=" " tag="300">
      <subfield code="a">1 online resource (512 pages)</subfield>
    </datafield>
    <datafield ind1="0" ind2=" " tag="505">
      <subfield code="a">Abbreviations; Introduction; Chapter One Herodian Caesarea: The Urban Space; Chapter Two The Wall Street, the Eastern Stoa, the Location of the Tetrapylon, and the Halakhic Status of Caesarea Maritima (Interpreting Tosefta, Ahilot, 18:13); Chapter Three On the Proclamation of Caesarea as a Roman Colony; Chapter Four Urban Space in Caesarea Maritima in the Late Antiquity; Chapter Five Several Aspects of Commerce and Economy in Late Antique Caesarea; Chapter Six Caesarea in Transition: The Archaeological Evidence from the Southwest Zone (Areas CC, KK, NN).</subfield>
    </datafield>
    <datafield ind1="8" ind2=" " tag="505">
      <subfield code="a">Chapter Seven Herod's Hippodrome/Stadium at Caesarea and the Games Conducted ThereinChapter Eight The Praetoria at Caesarea Maritima; Chapter Nine Warehouses and Granaries in Caesarea Maritima; Chapter Ten A Chapel of St. Paul at Caesarea Maritima?; Chapter Eleven Four Christian Objects from Caesarea Maritima; Chapter Twelve The Martyrs of Caesarea: The Urban Context; Bibliography; Index of Ancient Authors and Literary Sources; Index of Personal Names; Index of Places and People; General Index; Illustrations.</subfield>
    </datafield>
    <datafield ind1=" " ind2=" " tag="520">
      <subfield code="a">The book, well illustrated, presents in a wider historical-cultural context the results of the archaeological explorations (1990's to early 2000's) at Caesarea Maritima, the provincial capital of Roman Judaea/Palaestina, where Jews, Pagans, Christians and Samaritans lived side by side.</subfield>
    </datafield>
    <datafield ind1=" " ind2="0" tag="651">
      <subfield code="a">Caesarea (Israel)</subfield>
      <subfield code="x">Antiquities.</subfield>
    </datafield>
    <datafield ind1=" " ind2="0" tag="650">
      <subfield code="a">Excavations (Archaeology)</subfield>
      <subfield code="z">Israel</subfield>
      <subfield code="z">Caesarea.</subfield>
    </datafield>
    <datafield ind1=" " ind2="0" tag="650">
      <subfield code="a">Archaeology and history</subfield>
      <subfield code="z">Israel</subfield>
      <subfield code="z">Caesarea.</subfield>
    </datafield>
    <datafield ind1=" " ind2="7" tag="650">
      <subfield code="a">HISTORY</subfield>
      <subfield code="x">Ancient</subfield>
      <subfield code="x">General.</subfield>
      <subfield code="2">bisacsh</subfield>
    </datafield>
    <datafield ind1=" " ind2="7" tag="650">
      <subfield code="a">Antiquities.</subfield>
      <subfield code="2">fast</subfield>
      <subfield code="0">(OCoLC)fst00810745</subfield>
    </datafield>
    <datafield ind1=" " ind2="7" tag="650">
      <subfield code="a">Archaeology and history.</subfield>
      <subfield code="2">fast</subfield>
      <subfield code="0">(OCoLC)fst00813004</subfield>
    </datafield>
    <datafield ind1=" " ind2="7" tag="650">
      <subfield code="a">Excavations (Archaeology)</subfield>
      <subfield code="2">fast</subfield>
      <subfield code="0">(OCoLC)fst00917564</subfield>
    </datafield>
    <datafield ind1=" " ind2="7" tag="651">
      <subfield code="a">Israel</subfield>
      <subfield code="z">Caesarea.</subfield>
      <subfield code="2">fast</subfield>
      <subfield code="0">(OCoLC)fst01212441</subfield>
    </datafield>
    <datafield ind1=" " ind2="4" tag="655">
      <subfield code="a">Electronic books.</subfield>
    </datafield>
    <datafield ind1="4" ind2="0" tag="856">
      <subfield code="3">Brill</subfield>
      <subfield code="u">https://doi.org/10.1163/ej.9789004175112.i-500</subfield>
    </datafield>
    <datafield ind1="4" ind2="0" tag="856">
      <subfield code="3">ebrary</subfield>
      <subfield code="u">http://site.ebrary.com/id/10498912</subfield>
    </datafield>
    <datafield ind1="4" ind2="0" tag="856">
      <subfield code="3">EBSCOhost</subfield>
      <subfield code="u">https://search.ebscohost.com/login.aspx?direct=true&amp;scope=site&amp;db=nlebk&amp;db=nlabk&amp;AN=390480</subfield>
    </datafield>
    <datafield ind1="4" ind2="0" tag="856">
      <subfield code="3">MyiLibrary</subfield>
      <subfield code="u">http://www.myilibrary.com?id=328094</subfield>
    </datafield>
    <datafield ind1="4" ind2="0" tag="856">
      <subfield code="3">ProQuest Ebook Central</subfield>
      <subfield code="u">https://public.ebookcentral.proquest.com/choice/publicfullrecord.aspx?p=773401</subfield>
    </datafield>
    <datafield ind1="4" ind2="1" tag="856">
      <subfield code="3">MyiLibrary, Table of contents</subfield>
      <subfield code="u">http://www.myilibrary.com?id=328094&amp;ref=toc</subfield>
    </datafield>
  </record>
</collection>